@article{dewdney1984recreational,
  title={Recreational Mathematics--Core Wars},
  author={Dewdney, Alexander Keewatin},
  journal={Scientific American},
  volume={2},
  pages={43--98},
  year={1984}
}

@inproceedings{ulya2005automatic,
    author = {Karpuzcu, Ulya R.},
    title = {Automatic Verilog Code Generation through Grammatical Evolution},
    year = {2005},
    isbn = {9781450378000},
    publisher = {Association for Computing Machinery},
    address = {New York, NY, USA},
    doi = {10.1145/1102256.1102346},
    booktitle = {Proceedings of the 7th Annual Workshop on Genetic and Evolutionary Computation},
    pages = {394-–397},
    numpages = {4},
    location = {Washington, D.C.},
    series = {GECCO '05},
    howpublished = {\url{https://dl.acm.org/doi/pdf/10.1145/1102256.1102346}}
}

@inproceedings{Orlov2009Genetic,
    author = {Orlov, Michael and Sipper, Moshe},
    title = {Genetic Programming in the Wild: Evolving Unrestricted Bytecode},
    year = {2009},
    isbn = {9781605583259},
    publisher = {Association for Computing Machinery},
    address = {New York, NY, USA},
    doi = {10.1145/1569901.1570042},
    booktitle = {Proceedings of the 11th Annual Conference on Genetic and Evolutionary Computation},
    pages = {1043–-1050},
    numpages = {8},
    keywords = {software evolution, java bytecode},
    location = {Montreal, Qu\'{e}bec, Canada},
    series = {GECCO '09},
    howpublished = {\url{https://doi.org/10.1145/1569901.1570042}}
}

@inproceedings{Rosin2019Stepping,
    author = {Rosin, Christopher D.},
    title = {Stepping Stones to Inductive Synthesis of Low-Level Looping Programs},
    year = {2019},
    isbn = {978-1-57735-809-1},
    publisher = {AAAI Press},
    doi = {10.1609/aaai.v33i01.33012362},
    booktitle = {Proceedings of the Thirty-Third AAAI Conference on Artificial Intelligence and Thirty-First Innovative Applications of Artificial Intelligence Conference and Ninth AAAI Symposium on Educational Advances in Artificial Intelligence},
    articleno = {292},
    numpages = {9},
    address = {Honolulu, Hawaii, USA},
    series = {AAAI'19/IAAI'19/EAAI'19},
    howpublished = {\url{https://doi.org/10.1609/aaai.v33i01.33012362}}
}

@inproceedings{Pantridge2017On,
    author = {Pantridge, Edward and Helmuth, Thomas and McPhee, Nicholas Freitag and Spector, Lee},
    title = {On the Difficulty of Benchmarking Inductive Program Synthesis Methods},
    year = {2017},
    isbn = {9781450349390},
    publisher = {Association for Computing Machinery},
    booktitle = {Proceedings of the Genetic and Evolutionary Computation Conference Companion},
    address = {New York, NY, USA},
    doi = {10.1145/3067695.3082533},
    pages = {1589–-1596},
    numpages = {8},
    keywords = {machine learning, benchmarking, genetic programming, inductive program synthesis},
    location = {Berlin, Germany},
    series = {GECCO '17},
    howpublished = {\url{https://doi.org/10.1145/3067695.3082533}}
}

@inproceedings{Serruto2017Automatic,
    author = {Serruto, Wildor Ferrel and Casas, Luis Alfaro},
    booktitle = {2017 International Conference on Computational Science and Computational Intelligence (CSCI)}, 
    title = {Automatic Code Generation for Microcontroller-Based System Using Multi-objective Linear Genetic Programming}, 
    year = {2017},
    volume = {},
    number = {},
    pages = {279--285},
    doi = {10.1109/CSCI.2017.47},
    publisher={IEEE},
    address={Las Vegas, NV, USA},
    howpublished = {\url{https://ieeexplore.ieee.org/stamp/stamp.jsp?tp=&arnumber=8560802}}
}

@article{Ferrel2020Genetic,
    author = {Ferrel, Wildor and Alfaro, Luis},
    year = {2020},
    month = {01},
    pages = {},
    title = {Genetic Programming-Based Code Generation for Arduino},
    volume = {11},
    journal = {International Journal of Advanced Computer Science and Applications},
    doi = {10.14569/IJACSA.2020.0111168},
    howpublished = {\url{https://thesai.org/Downloads/Volume11No11/Paper_68-Genetic_Programming_Based_Code_Generation.pdf}}
}

@misc{domonik2021recent,
    title = {Recent Developments in Program Synthesis with
    Evolutionary Algorithms},
    author = {Dominik Sobania, Dirk Schweim, Franz Rothlauf},
    year = {2021},
    publisher = {IEEE},
    howpublished = {\url{https://arxiv.org/pdf/2108.12227.pdf}}
}

@InProceedings{Forstenlechner2017Grammar,
    author = {Forstenlechner, Stefan and Fagan, David and Nicolau, Miguel and O'Neill, Michael},
    title = {A Grammar Design Pattern for Arbitrary Program Synthesis Problems in Genetic Programming},
    booktitle = {Genetic Programming},
    year = {2017},
    publisher = {Springer International Publishing},
    address={New York, NY},
    pages = {262-277},
    isbn = {978-3-319-55696-3}
}

@misc{Haas2022GGGP,
    author = {Haas Robert},
    year = {2022},
    location = {Vienna, Austria},
    title = {Grammar-guided genetic programming},
    howpublished = {\url{https://robert-haas.github.io/g3p/}}
}

@inproceedings{ONeil2004piGE,
    author = {O’Neill, Michael and Brabazon, Anthony and Nicolau, Miguel and McGarraghy, Seán and Keenan, Peter},
    year = {2004},
    month = {01},
    pages = {617--629},
    title = {Pi Grammatical Evolution},
    booktitle = {Genetic and Evolutionary Computation – GECCO 2004},
    volume = {3103},
    isbn = {978-3-540-22343-6},
    doi = {10.1007/978-3-540-24855-2_70},
    publisher= {Springer},
    address={Seattle, WA, USA},
    howpublished = {\url{https://dynamics.org/Altenberg/UH_ICS/EC_REFS/GP_REFS/GECCO/2004/31030617.pdf}}
}

@book{Lorenco2018Structured,
    author = {Lourenço, Nuno and Assunção, Filipe and Pereira, Francisco and Costa, Ernesto and Machado, Penousal},
    year = {2018},
    month = {01},
    pages = {137--161},
    title = {Structured grammatical evolution: A dynamic approach},
    journal = {Handbook of Grammatical Evolution},
    doi = {10.1007/978-3-319-78717-6_6},
    publisher={Springer},
    address={New York, NY},
    howpublished = {\url{https://www.researchgate.net/profile/Nuno-Lourenco-3/publication/332549077_Structured_grammatical_evolution_A_dynamic_approach/links/5d2c9457299bf1547cb8d00f/Structured-grammatical-evolution-A-dynamic-approach.pdf}}
}

@article{Bartoli2018Weighted,
    author = {Bartoli, Alberto and Castelli, Mauro and Medvet, Eric},
    year = {2018},
    month = {11},
    pages = {1-13},
    title = {Weighted Hierarchical Grammatical Evolution},
    volume = {PP},
    journal = {IEEE Transactions on Cybernetics},
    doi = {10.1109/TCYB.2018.2876563},
    howpublished = {\url{https://ieeexplore.ieee.org/stamp/stamp.jsp?arnumber=8525307}}
}

@inproceedings{Spector2002Genetic,
    author = {Spector, L. and Robinson, A.},
    title = {Genetic Programming and Autoconstructive Evolution with the Push Programming Language},
    booktitle = {Genetic Programming and Evolvable Machines},
    journal={Genetic Programming and Evolvable Machines},
    volume={3},
    pages = {7-–40},
    year = {2002},
    publisher={Springer},
    howpublished = {\url{https://doi.org/10.1023/A:1014538503543}}
}

@inproceedings{Pantridge2017PyshGP,
    author = {Pantridge, Edward and Spector, Lee},
    title = {PyshGP: PushGP in Python},
    year = {2017},
    isbn = {9781450349390},
    publisher = {Association for Computing Machinery},
    booktitle = {Proceedings of the Genetic and Evolutionary Computation Conference Companion},
    address = {New York, NY, USA},
    doi = {10.1145/3067695.3082468},
    pages = {1255–-1262},
    numpages = {8},
    keywords = {genetic programming, machine learning},
    location = {Berlin, Germany},
    series = {GECCO '17},
    howpublished = {\url{{https://doi.org/10.1145/3067695.3082468}}}
}

@inproceedings{edward2022functional,
    author = {Pantridge, Edward and Helmuth, Thomas and Spector, Lee},
    title = {Functional Code Building Genetic Programming},
    year = {2022},
    isbn = {9781450392372},
    publisher = {Association for Computing Machinery},
    address = {New York, NY, USA},
    doi = {10.1145/3512290.3528866},
    booktitle = {Proceedings of the Genetic and Evolutionary Computation Conference},
    pages = {1000–-1008},
    numpages = {9},
    keywords = {automatic programming, genetic programming, inductive program synthesis},
    location = {Boston, Massachusetts},
    series = {GECCO '22},
    howpublished = {\url{https://doi.org/10.1145/3512290.3528866}}
}

@misc{codeguru_repo,
    author = {Leshem, Danny and Eyzenberg, Tomer},
    title={CodeGuru repository},
    year={2012},
    howpublished = {\url{https://github.com/codeguru-il}}
}

@misc{eckity2022git,
    author = {Sipper, Moshe and Halperin, Tomer and Tzruia, Itai and  Elyasaf, Achiya},
    title = {{EC-KitY}: Evolutionary Computation Tool Kit in {Python}},
    year = {2022},
    publisher = {GitHub},
    journal = {GitHub repository},
    howpublished = {\url{https://www.eckity.org/}}
}

@misc{ModifiedEngine,
    author = {Maliukov, Irina},
    title = {Corewars8086 modified engine},
    year = {2023},
    publisher = {GitHub},
    journal = {GitHub repository},
    howpublished = {\url{https://github.com/irenamal/corewars8086/}}
}

@misc{AssemblyCodeGeneration,
    author = {Maliukov, Irina},
    title = {Assembly code generation},
    year = {2023},
    publisher = {GitHub},
    journal = {GitHub repository},
    howpublished ={\url{https://github.com/irenamal/ECKitY/tree/assembly_code_generation/}}
}

@misc{Darwin8086,
    author = {Sysman, Dean and Leibu, Amir},
    title = {Darwin8086},
    year = {2009},
    publisher = {Google Code},
    journal = {},
    howpublished ={\url{https://code.google.com/archive/p/darwin8086/}}
}

@article{Mankowitz2023Faster,
    author = {Mankowitz, Daniel and Michi, Andrea and Zhernov, Anton and Gelmi, Marco and Selvi, Marco and Paduraru, Cosmin and Leurent, Edouard and Iqbal, Shariq and Lespiau, Jean-Baptiste and Ahern, Alex and Köppe, Thomas and Millikin, Kevin and Gaffney, Stephen and Elster, Sophie and Broshear, Jackson and Gamble, Chris and Milan, Kieran and Tung, Robert and Hwang, Minjae and Silver, David},
    year = {2023},
    month = {06},
    pages = {257-263},
    title = {Faster sorting algorithms discovered using deep reinforcement learning},
    volume = {618},
    journal = {Nature},
    doi = {10.1038/s41586-023-06004-9}
}

@article{orlov2011flight,
  title={Flight of the FINCH through the Java wilderness},
  author={Orlov, Michael and Sipper, Moshe},
  journal={IEEE Transactions on Evolutionary Computation},
  volume={15},
  number={2},
  pages={166--182},
  year={2011},
  publisher={IEEE}
}

@inproceedings{corno2003exploiting,
  title={Exploiting co-evolution and a modified island model to climb the core war hill},
  author={Corno, Fulvio and S{\'a}nchez, Ernesto and Squillero, Giovanni},
  address={Torino, Italy},
  booktitle={CEC'03.},
  volume={3},
  pages={2217--2221},
  year={2003},
  publisher={IEEE}
}

@misc{Andersen2001TheGE,
  title={The Garden: Evolving Warriors in Core Wars},
  author={David G. Andersen},
  year={2001},
  howpublished={\url{https://api.semanticscholar.org/CorpusID:17099745}}
}

@book{koza1994genetic,
  title={Genetic programming II},
  author={Koza, John R and others},
  volume={17},
  year={1994},
  publisher={MIT press Cambridge},
  address={San Mateo, CA}
}

@misc{Papailiopoulos2023, 
    title={GPT-4 “discovered” the same sorting algorithm as AlphaDev}, 
    howpublished = {\url{https://twitter.com/DimitrisPapail/status/1666843952824168465}, last accessed on 2024-01-31},
    publisher={X}, 
    author={Papailiopoulos, Dimitris}, 
    year={2023}, 
    month={Jun}
} 